<?xml version="1.0" encoding="UTF-8"?><record xmlns="http://www.loc.gov/MARC21/slim" xmlns:cinclude="http://apache.org/cocoon/include/1.0" xmlns:zs="http://www.loc.gov/zing/srw/">
  <leader>00379cz  a2200133n  4500</leader>
  <controlfield tag="001">n  94022194 </controlfield>
  <controlfield tag="003">DLC</controlfield>
  <controlfield tag="005">19980721104213.8</controlfield>
  <controlfield tag="008">940308n| acannaab|          |n aaa |||  </controlfield>
  <datafield tag="010" ind1=" " ind2=" ">
    <subfield code="a">n  94022194 </subfield>
  </datafield>
  <datafield tag="040" ind1=" " ind2=" ">
    <subfield code="a">DLC</subfield>
    <subfield code="c">DLC</subfield>
    <subfield code="d">DLC</subfield>
  </datafield>
  <datafield tag="100" ind1="1" ind2="0">
    <subfield code="a">Mårtensson, Jan</subfield>
  </datafield>
  <datafield tag="670" ind1=" " ind2=" ">
    <subfield code="a">När idrotten kom till Lund, 1990:</subfield>
    <subfield code="b">t.p. (Jan Mårtensson)</subfield>
  </datafield>
  <datafield tag="670" ind1=" " ind2=" ">
    <subfield code="a">Sve. bok. 1991</subfield>
    <subfield code="b">(Mårtensson, Jan, 1936- )</subfield>
  </datafield>
</record>